@misc{facebook:rocksdb,
  author = {Facebook},
  title = {RocksDB},
  year = {2017},
  howpublished = {\url{https://github.com/facebook/rocksdb}}
}

@misc{rocksdb-tuning-guide,
  author = {Facebook},
  title = {RocksDB Tuning Guide},
  year = {2017},
  howpublished = {\url{https://github.com/facebook/rocksdb/wiki/RocksDB-Tuning-Guide}}
}

@misc{monkey,
  author = {Dayan, Niv and Athanassoulis, Manos and Idreos, Stratos},
  title = {Monkey: Optimal Navigable Key-Value Store},
  year = {2017},
  journal = {unpublished preprint}
}

@article{characterizing-memcached,
  title={Characterizing facebook's memcached workload},
  author={Xu, Yuehai and Frachtenberg, Eitan and Jiang, Song and Paleczny, Mike},
  journal={IEEE Internet Computing},
  volume={18},
  number={2},
  pages={41--49},
  year={2014},
  publisher={IEEE}
}

@inproceedings{art,
  title={The adaptive radix tree: ARTful indexing for main-memory databases},
  author={Leis, Viktor and Kemper, Alfons and Neumann, Thomas},
  booktitle={Data Engineering (ICDE), 2013 IEEE 29th International Conference on},
  pages={38--49},
  year={2013},
  organization={IEEE}
}

@incollection{crp,
  title={Exchangeability and related topics},
  author={Aldous, David J},
  booktitle={{\'E}cole d'{\'E}t{\'e} de Probabilit{\'e}s de Saint-Flour XIIIâ€”1983},
  pages={1--198},
  year={1985},
  publisher={Springer}
}

@misc{lsmulator,
  author = {Sophie Hilgard and Mali Akmanalp and Andrew Ross},
  year = {2017},
  howpublished = {\url{https://github.com/asross/cs265/blob/master/simulations/lsmulator.py}}
}

@inproceedings{linkbench,
  title={LinkBench: a database benchmark based on the Facebook social graph},
  author={Armstrong, Timothy G and Ponnekanti, Vamsi and Borthakur, Dhruba and Callaghan, Mark},
  booktitle={Proceedings of the 2013 ACM SIGMOD International Conference on Management of Data},
  pages={1185--1196},
  year={2013},
  organization={ACM}
}

@inproceedings{poisson-db1,
  title={Maximizing the output rate of multi-way join queries over streaming information sources},
  author={Viglas, Stratis D and Naughton, Jeffrey F and Burger, Josef},
  booktitle={Proceedings of the 29th international conference on Very large data bases-Volume 29},
  pages={285--296},
  year={2003},
  organization={VLDB Endowment}
}

@article{poisson-db2,
  title={Distribution of Time Interval between the Modifications of Result Sets Cardinalities in Random Databases},
  author={Velcescu, Letitia},
  journal={Analele Universitatii" Ovidius" Constanta-Seria Matematica},
  volume={21},
  number={3},
  pages={295--306},
  year={2013}
}

@inproceedings{poisson-db3,
  title={Rate-based query optimization for streaming information sources},
  author={Viglas, Stratis D and Naughton, Jeffrey F},
  booktitle={Proceedings of the 2002 ACM SIGMOD international conference on Management of data},
  pages={37--48},
  year={2002},
  organization={ACM}
}
