@MISC{facebook:rocksdb,
  author = {Facebook},
  year = {2017},
  howpublished = {\url{https://github.com/facebook/rocksdb}}
}

@MISC{rocksdb-tuning-guide,
  author = {RocksDB Tuning Guide},
  year = {2017},
  howpublished = {\url{https://github.com/facebook/rocksdb/wiki/RocksDB-Tuning-Guide#final-thoughts}}
}

@MISC{monkey,
  author = {Dayan, Niv and Athanassoulis, Manos and Idreos, Stratos},
  title = {Monkey: Optimal Navigable Key-Value Store},
  year = {2017},
  journal = {unpublished preprint}
}

@ARTICLE{characterizing-memcached,
  title={Characterizing facebook's memcached workload},
  author={Xu, Yuehai and Frachtenberg, Eitan and Jiang, Song and Paleczny, Mike},
  journal={IEEE Internet Computing},
  volume={18},
  number={2},
  pages={41--49},
  year={2014},
  publisher={IEEE}
}

@INPROCEEDINGS{art,
  title={The adaptive radix tree: ARTful indexing for main-memory databases},
  author={Leis, Viktor and Kemper, Alfons and Neumann, Thomas},
  booktitle={Data Engineering (ICDE), 2013 IEEE 29th International Conference on},
  pages={38--49},
  year={2013},
  organization={IEEE}
}

@INCOLLECTION{crp,
  title={Exchangeability and related topics},
  author={Aldous, David J},
  booktitle={{\'E}cole d'{\'E}t{\'e} de Probabilit{\'e}s de Saint-Flour XIIIâ€”1983},
  pages={1--198},
  year={1985},
  publisher={Springer}
}

@misc{lsmulator,
  author = {Sophie Hilgard and Mali Akmanalp and Andrew Ross},
  year = {2017},
  howpublished = {\url{https://github.com/asross/cs265/blob/master/simulations/lsmulator.py}}
}


@ARTICLE{bowman:reasoning,
	AUTHOR = "Mic Bowman and Saumya K. Debray and Larry L. Peterson",
	TITLE = "Reasoning About Naming Systems",
	JOURNAL = "ACM Trans. Program. Lang. Syst.",
	VOLUME = {15},
	NUMBER = {5},
	PAGES = {795-825},
	MONTH = "November",
	YEAR = {1993}	}

@ARTICLE{braams:babel,
	AUTHOR = "Johannes Braams",
	TITLE = "Babel, a Multilingual Style-Option System for Use with LaTeX's Standard Document Styles",
	JOURNAL = {TUGboat},
	VOLUME = {12},
	NUMBER = {2},
	PAGES = {291-301},
	MONTH = "June",
	YEAR = {1991}	}

@INPROCEEDINGS{clark:pct,
	AUTHOR = "Malcolm Clark",
	TITLE = "Post Congress Tristesse",
	BOOKTITLE = "TeX90 Conference Proceedings",
	PAGES = "84-89",
	ORGANIZATION = "TeX Users Group",
	MONTH = "March", 
	YEAR = {1991}	}

@ARTICLE{herlihy:methodology,
	AUTHOR = "Maurice Herlihy",
	TITLE = "A Methodology for Implementing Highly Concurrent
	Data Objects",
	JOURNAL = {ACM Trans. Program. Lang. Syst.},
	VOLUME = {15},
	NUMBER = {5},
	PAGES = {745-770},
	MONTH = "November",
	YEAR = {1993}	}

@BOOK{Lamport:LaTeX,
	AUTHOR = "Leslie Lamport",
	TITLE = "LaTeX User's Guide and Document Reference Manual",
	PUBLISHER = "Addison-Wesley Publishing Company",
	ADDRESS = "Reading, Massachusetts",
	YEAR = "1986"	}

@BOOK{salas:calculus,
	AUTHOR = "S.L. Salas and Einar Hille",
	TITLE = "Calculus: One and Several Variable",
	PUBLISHER = "John Wiley and Sons",
	ADDRESS = "New York",
	YEAR = "1978"	}






